@misc{spilleregler,
    author = "Spillehulen",
    title = "Matador Spilleregler",
    url = "https://www.spillehulen.dk/media/91456/matador-spilleregler.pdf",
    keywords = {regler}
}

@report{
    del2,
    author = "Gruppe 44",
    title = "CDIO del 2",
}

@report{
    del3,
    author = "Gruppe 44",
    title = "CDIO del 3",
}